@article{mcgrew2005multiple,
  title={Multiple forgery attacks against message authentication codes},
  author={McGrew, David A and Fluhrer, Scott R},
  journal={Cryptology ePrint Archive},
  year={2005}
}