@book{crypto-net, place={Boston}, title={Cryptography and network security}, publisher={McGraw-Hill Higher Education}, author={Forouzan, Behrouz A.}, year={2008}} 
@misc{integrity, title={Data integrity and compliance with cgmp guidance for industry}, url={https://www.fda.gov/media/97005/download}} 
@article{non-repu, title={Non-repudiation in the digital environment}, url={https://firstmonday.org/ojs/index.php/fm/article/download/778/687?inline=1}, year={2022}, month={June}, volume={27}, number={6}, author={Adrian McCullagh and William Caelli}} 
@INPROCEEDINGS{dig-sig,  author={Kaur, Ravneet and Kaur, Amandeep},  booktitle={2012 International Conference on Computing Sciences},   title={Digital Signature},   year={2012},  volume={},  number={},  pages={295-301},  doi={10.1109/ICCS.2012.25}}