@misc{tls-1-3,
    series =    {Request for Comments},
    number =    8446,
    howpublished =  {RFC 8446},
    publisher = {RFC Editor},
    doi =       {10.17487/RFC8446},
    url =       {https://www.rfc-editor.org/info/rfc8446},
        author =    {Eric Rescorla},
    title =     {{The Transport Layer Security (TLS) Protocol Version 1.3}},
    pagetotal = 160,
    year =      2018,
    month =     aug,
    abstract =  {This document specifies version 1.3 of the Transport Layer Security (TLS) protocol. TLS allows client/server applications to communicate over the Internet in a way that is designed to prevent eavesdropping, tampering, and message forgery. This document updates RFCs 5705 and 6066, and obsoletes RFCs 5077, 5246, and 6961. This document also specifies new requirements for TLS 1.2 implementations.},
}

@misc{tls-1-2,
    series =    {Request for Comments},
    number =    5246,
    howpublished =  {RFC 5246},
    publisher = {RFC Editor},
    doi =       {10.17487/RFC5246},
    url =       {https://www.rfc-editor.org/info/rfc5246},
        author =    {Eric Rescorla and Tim Dierks},
    title =     {{The Transport Layer Security (TLS) Protocol Version 1.2}},
    pagetotal = 104,
    year =      2008,
    month =     aug,
    abstract =  {This document specifies Version 1.2 of the Transport Layer Security (TLS) protocol. The TLS protocol provides communications security over the Internet. The protocol allows client/server applications to communicate in a way that is designed to prevent eavesdropping, tampering, or message forgery. {[}STANDARDS-TRACK{]}},
}

@misc{etm,
    series =    {Request for Comments},
    number =    7366,
    howpublished =  {RFC 7366},
    publisher = {RFC Editor},
    doi =       {10.17487/RFC7366},
    url =       {https://www.rfc-editor.org/info/rfc7366},
        author =    {Peter Gutmann},
    title =     {{Encrypt-then-MAC for Transport Layer Security (TLS) and Datagram Transport Layer Security (DTLS)}},
    pagetotal = 7,
    year =      2014,
    month =     sep,
    abstract =  {This document describes a means of negotiating the use of the encrypt-then-MAC security mechanism in place of the existing MAC-then-encrypt mechanism in Transport Layer Security (TLS) and Datagram Transport Layer Security (DTLS). The MAC-then-encrypt mechanism has been the subject of a number of security vulnerabilities over a period of many years.},
}

@misc{nist-18, title={NIST issues first call for 'lightweight cryptography' to protect small electronics}, url={https://www.nist.gov/news-events/news/2018/04/nist-issues-first-call-lightweight-cryptography-protect-small-electronics}, journal={NIST}, year={2018}, month={Apr}} 